
@online{noauthor_clothing_nodate,
	title = {Clothing Tool in Unreal Engine {\textbar} Unreal Engine 5.5 Documentation {\textbar} Epic Developer Community},
	url = {https://dev.epicgames.com/documentation/en-us/unreal-engine/clothing-tool-in-unreal-engine},
	abstract = {An overview of the workflow and creative tools used to create and modify clothing assets directly inside Unreal Engine.},
	titleaddon = {Epic Games Developer},
	urldate = {2025-03-30},
	langid = {english},
	file = {Snapshot:/Users/timon/Zotero/storage/A57J98C6/clothing-tool-in-unreal-engine.html:text/html},
}
